<record><leader>00000cas a2200000 a 4500</leader><controlfield tag="001">34743035</controlfield><controlfield tag="008">960516d19471955cauwr ne      0    0eng c</controlfield><datafield ind1=" " ind2=" " tag="010"><subfield code="a">sn 96064403 </subfield></datafield><datafield ind1=" " ind2=" " tag="040"><subfield code="a">CNK</subfield><subfield code="b">eng</subfield><subfield code="c">CNK</subfield><subfield code="d">OCLCQ</subfield><subfield code="d">OCLCF</subfield><subfield code="d">OCLCO</subfield></datafield><datafield ind1=" " ind2=" " tag="042"><subfield code="a">pcc</subfield></datafield><datafield ind1=" " ind2=" " tag="043"><subfield code="a">n-us-ca</subfield></datafield><datafield ind1="0" ind2=" " tag="130"><subfield code="a">San Fernando sun (San Fernando, Calif.)</subfield></datafield><datafield ind1="1" ind2="4" tag="245"><subfield code="a">The San Fernando sun.</subfield></datafield><datafield ind1="1" ind2="3" tag="246"><subfield code="a">San Fernando California sun</subfield></datafield><datafield ind1=" " ind2=" " tag="260"><subfield code="a">San Fernando, Calif. :</subfield><subfield code="b">Stanley J. Mead</subfield></datafield><datafield ind1=" " ind2=" " tag="300"><subfield code="a">v.</subfield></datafield><datafield ind1=" " ind2=" " tag="310"><subfield code="a">Weekly,</subfield><subfield code="b">Feb. 12, 1948-Aug. 4, 1955</subfield></datafield><datafield ind1=" " ind2=" " tag="321"><subfield code="a">Semiweekly,</subfield><subfield code="b">July 17-Oct. 30, 1947</subfield></datafield><datafield ind1=" " ind2=" " tag="321"><subfield code="a">Daily (except Sat. and Sun.),</subfield><subfield code="b">Nov. 4, 1947-Feb. 6, 1948</subfield></datafield><datafield ind1="0" ind2=" " tag="362"><subfield code="a">44th year, no. 16 (July 17, 1947)-52nd year, no. 11 (Aug. 4, 1955).</subfield></datafield><datafield ind1=" " ind2=" " tag="500"><subfield code="a">"California" appears in small print beneath masthead title.</subfield></datafield><datafield ind1=" " ind2="0" tag="651"><subfield code="a">San Fernando Valley (Calif.)</subfield><subfield code="v">Newspapers.</subfield></datafield><datafield ind1=" " ind2="7" tag="655"><subfield code="a">Newspapers.</subfield><subfield code="2">fast</subfield><subfield code="0">(OCoLC)fst01423814</subfield></datafield><datafield ind1=" " ind2="7" tag="651"><subfield code="a">California</subfield><subfield code="z">San Fernando Valley.</subfield><subfield code="2">fast</subfield><subfield code="0">(OCoLC)fst01242395</subfield></datafield><datafield ind1=" " ind2=" " tag="752"><subfield code="a">United States</subfield><subfield code="b">California</subfield><subfield code="c">Los Angeles</subfield><subfield code="d">San Fernando.</subfield></datafield><datafield ind1="0" ind2="0" tag="780"><subfield code="t">San Fernando sun and Valley leader (San Fernando, Calif. : 1942)</subfield><subfield code="w">(DLC)sn 99060904</subfield></datafield><datafield ind1="0" ind2="7" tag="785"><subfield code="t">San Fernando Valley reporter</subfield><subfield code="w">(DLC)sn 99060907</subfield></datafield><datafield ind1="0" ind2="7" tag="785"><subfield code="t">San Fernando sun and Valley reporter</subfield><subfield code="w">(DLC)sn 96064471</subfield></datafield></record>